@book{司守奎,
  title={数学建模算法与应用（第三版）},
  author={司守奎 and 孙玺菁},
  publisher={数学建模算法与应用},
  year={2021},
}
@book{梅正阳,
  title={数学建模教程},
  author={梅正阳 and 韩志斌},
  year={2012},
  publisher={科学出版社}
}
@book{清风,
title={数模新版视频教程},
author={清风},
year={2021},
publisher={B站}
}
@book{夏爱生,
  title={数学建模与 MATLAB 应用},
  author={夏爱生 and 刘俊峰},
  year={2016},
  publisher={北京理工大学出版社}
}
@book{韩中庚,
  title={数学建模方法及其应用（第3版）},
  author={韩中庚},
  year={2017},
  publisher={高等教育出版社}
}

@book{周志华,
  title={机器学习},
  author={周志华},
  year={2016},
  publisher={Qing hua da xue chu ban she}
}
@article{CC01a,
 author = {Chang, Chih-Chung and Lin, Chih-Jen},
 title = {{LIBSVM}: A library for support vector machines},
 journal = {ACM Transactions on Intelligent Systems and Technology},
 volume = {2},
 issue = {3},
 year = {2011},
 pages = {27:1--27:27},
 note =	 {Software available at \url{http://www.csie.ntu.edu.tw/~cjlin/libsvm}}
}
@misc{sun2024quantumarchitecturesearchunsupervised,
      title={Quantum Architecture Search with Unsupervised Representation Learning}, 
      author={Yize Sun and Zixin Wu and Yunpu Ma and Volker Tresp},
      year={2024},
      eprint={2401.11576},
      archivePrefix={arXiv},
      primaryClass={quant-ph},
      url={https://arxiv.org/abs/2401.11576}, 
}