@book{shen2011spectral,
  title={Spectral methods: algorithms, analysis and applications},
  author={Shen, Jie and Tang, Tao and Wang, Li-Lian},
  volume={41},
  year={2011},
  publisher={Springer Science \& Business Media}
}
@book{trefethen2000spectral,
  title={Spectral methods in MATLAB},
  author={Trefethen, Lloyd N},
  year={2000},
  publisher={SIAM}
}